
Introduction 



@book{wright2010evolution,
  title={The evolution of God: the origins of our beliefs},
  author={Wright, Robert},
  year={2010},
  publisher={Hachette UK}
}

@article{mccullough2013religion,
  title={Religion, self-control, and self-regulation: How and why are they related},
  author={McCullough, Michael E and Carter, Evan C},
  journal={APA handbook of psychology, religion, and spirituality},
  volume={1},
  pages={123--138},
  year={2013}
}

Religion und Befunde
 
@article{mccullough2000religious,
  title={Religious involvement and mortality: a meta-analytic review.},
  author={McCullough, Michael E and Hoyt, William T and Larson, David B and Koenig, Harold G and Thoresen, Carl},
  journal={Health psychology},
  volume={19},
  number={3},
  pages={211},
  year={2000},
  publisher={American Psychological Association}
}

@article{smith2003religiousness,
  title={Religiousness and depression: evidence for a main effect and the moderating influence of stressful life events.},
  author={Smith, Timothy B and McCullough, Michael E and Poll, Justin},
  journal={Psychological bulletin},
  volume={129},
  number={4},
  pages={614},
  year={2003},
  publisher={American Psychological Association}
}



@article{baier2001if,
  title={“If you love me, keep my commandments”: A meta-analysis of the effect of religion on crime},
  author={Baier, Colin J and Wright, Bradley RE},
  journal={Journal of Research in Crime and Delinquency},
  volume={38},
  number={1},
  pages={3--21},
  year={2001},
  publisher={Sage Publications}
}

@article{jeynes2002meta,
  title={A meta-analysis of the effects of attending religious schools and religiosity on Black and Hispanic academic achievement},
  author={Jeynes, William H},
  journal={Education and Urban Society},
  volume={35},
  number={1},
  pages={27--49},
  year={2002},
  publisher={Sage Publications}
}

@article{hill2006religious,
  title={Religious attendance and the health behaviors of Texas adults},
  author={Hill, Terrence D and Burdette, Amy M and Ellison, Christopher G and Musick, Marc A},
  journal={Preventive medicine},
  volume={42},
  number={4},
  pages={309--312},
  year={2006},
  publisher={Elsevier}
}


@article{norenzayan2008origin,
  title={The origin and evolution of religious prosociality},
  author={Norenzayan, Ara and Shariff, Azim F},
  journal={science},
  volume={322},
  number={5898},
  pages={58--62},
  year={2008},
  publisher={American Association for the Advancement of Science}
}



DU 
@article{samuelson1937note,
  title={A note on measurement of utility},
  author={Samuelson, Paul A},
  journal={The Review of Economic Studies},
  volume={4},
  number={2},
  pages={155--161},
  year={1937},
  publisher={JSTOR}
}

@article{frederick2002time,
  title={Time discounting and time preference: A critical review},
  author={Frederick, Shane and Loewenstein, George and O'Donoghue, Ted},
  journal={Journal of economic literature},
  volume={40},
  number={2},
  pages={351--401},
  year={2002},
  publisher={American Economic Association}
}

@article{baumeister2007strength,
  title={The strength model of self-control},
  author={Baumeister, Roy F and Vohs, Kathleen D and Tice, Dianne M},
  journal={Current directions in psychological science},
  volume={16},
  number={6},
  pages={351--355},
  year={2007},
  publisher={SAGE Publications}
}

Anomalies 

@article{thaler1991some,
  title={‘Some Empirical Evidence on Dynamic Inconsistency},
  author={Thaler, Richard H},
  journal={Quasi rational economics},
  volume={1},
  pages={127--136},
  year={1991},
  publisher={Russell Sage Foundation New York, NY, United States}
}




@article{harrison2002estimating,
  title={Estimating individual discount rates in Denmark: A field experiment},
  author={Harrison, Glenn W and Lau, Morten I and Williams, Melonie B},
  journal={The American Economic Review},
  volume={92},
  number={5},
  pages={1606--1617},
  year={2002},
  publisher={JSTOR}
}






Religion 

@article{carter2012religious,
  title={Religious people discount the future less},
  author={Carter, Evan C and McCullough, Michael E and Kim-Spoon, Jungmeen and Corrales, Carolina and Blake, Adam},
  journal={Evolution and Human Behavior},
  volume={33},
  number={3},
  pages={224--231},
  year={2012},
  publisher={Elsevier}
}

@article{kim2015longitudinal,
  title={Longitudinal associations among religiousness, delay discounting, and substance use initiation in early adolescence},
  author={Kim-Spoon, Jungmeen and McCullough, Michael E and Bickel, Warren K and Farley, Julee P and Longo, Gregory S},
  journal={Journal of Research on Adolescence},
  volume={25},
  number={1},
  pages={36--43},
  year={2015},
  publisher={Wiley Online Library}
}

@article{rounding2012religion,
  title={Religion replenishes self-control},
  author={Rounding, Kevin and Lee, Albert and Jacobson, Jill A and Ji, Li-Jun},
  journal={Psychological Science},
  volume={23},
  number={6},
  pages={635--642},
  year={2012},
  publisher={Sage Publications}
}

@article{mccullough2009religion,
  title={Religion, self-regulation, and self-control: Associations, explanations, and implications.},
  author={McCullough, Michael E and Willoughby, Brian LB},
  journal={Psychological bulletin},
  volume={135},
  number={1},
  pages={69},
  year={2009},
  publisher={American Psychological Association}
}

@article{henrich2010weirdest,
  title={The weirdest people in the world?},
  author={Henrich, Joseph and Heine, Steven J and Norenzayan, Ara},
  journal={Behavioral and brain sciences},
  volume={33},
  number={2-3},
  pages={61--83},
  year={2010},
  publisher={Cambridge Univ Press}
}

@article{thornton2015divine,
  title={Divine Restraint: An Experimental Analysis of Religious Preference and Intertemporal Discounting.},
  author={Thornton, Jeremy P and Stokes, Charles E and Helms, Sara},
  journal={Available at SSRN},
  year={2015}
}

@article{benjamin2013religious,
  title={Religious identity and economic behavior},
  author={Benjamin, Daniel J and Choi, James J and Fisher, Geoffrey},
  journal={Review of Economics and Statistics},
  year={2013},
  publisher={MIT Press}
}

@article{horton2011online,
  title={The online laboratory: Conducting experiments in a real labor market},
  author={Horton, John J and Rand, David G and Zeckhauser, Richard J},
  journal={Experimental Economics},
  volume={14},
  number={3},
  pages={399--425},
  year={2011},
  publisher={Springer}
}

Methodik 

@article{dohmen2012interpreting,
  title={Interpreting time horizon effects in inter-temporal choice},
  author={Dohmen, Thomas J and Falk, Armin and Huffman, David and Sunde, Uwe},
  year={2012},
  publisher={Netspar Discussion Paper}
}

@article{schupp2002maintenance,
  title={Maintenance of and innovation in long-term panel studies: The case of the German Socio-Economic Panel (GSOEP)},
  author={Schupp, J{\"u}rgen and Wagner, Gert G},
  year={2002},
  publisher={DIW Discussion Paper}
}

@article{wagner2006enhancing,
  title={Enhancing the power of household panel studies: The case of the German Socio-Economic Panel Study (SOEP)},
  author={Wagner, Gert G and Frick, Joachim R and Schupp, J{\"u}rgen},
  journal={Data Documentation},
  volume={13},
  year={2006}
}


@article{coller1999eliciting,
  title={Eliciting individual discount rates},
  author={Coller, Maribeth and Williams, Melonie B},
  journal={Experimental Economics},
  volume={2},
  number={2},
  pages={107--127},
  year={1999},
  publisher={Springer}
}


Methodik Diskontsatz 

@article{dohmen2010risk,
  title={Are risk aversion and impatience related to cognitive ability?},
  author={Dohmen, Thomas and Falk, Armin and Huffman, David and Sunde, Uwe},
  journal={The American Economic Review},
  volume={100},
  number={3},
  pages={1238--1260},
  year={2010},
  publisher={American Economic Association}
}

@article{kirby1996delay,
  title={Delay-discounting probabilistic rewards: Rates decrease as amounts increase},
  author={Kirby, Kris N and Marakovi{\'c}, Nino N},
  journal={Psychonomic bulletin \& review},
  volume={3},
  number={1},
  pages={100--104},
  year={1996},
  publisher={Springer}
}

Methodik Religion 

@article{becker2012relationship,
  title={The relationship between economic preferences and psychological personality measures},
  author={Becker, Anke and Deckers, Thomas and Dohmen, Thomas J and Falk, Armin and Kosse, Fabian},
  year={2012},
  publisher={CESifo Working Paper Series}
}

@article{gerlitz2005erhebung,
  title={Zur Erhebung der Big-Five-basierten persoenlichkeitsmerkmale im SOEP},
  author={Gerlitz, Jean-Yves and Schupp, J{\"u}rgen},
  journal={DIW Research Notes},
  volume={4},
  pages={2005},
  year={2005}
}


Results 

@book{wooldridge2015introductory,
  title={Introductory econometrics: A modern approach},
  author={Wooldridge, Jeffrey M},
  year={2015},
  publisher={Nelson Education}
}

Robustness 

@book{wooldridge2010econometric,
  title={Econometric analysis of cross section and panel data},
  author={Wooldridge, Jeffrey M},
  year={2010},
  publisher={MIT press}
}

@article{lumley2002importance,
  title={The importance of the normality assumption in large public health data sets},
  author={Lumley, Thomas and Diehr, Paula and Emerson, Scott and Chen, Lu},
  journal={Annual review of public health},
  volume={23},
  number={1},
  pages={151--169},
  year={2002},
  publisher={Annual Reviews 4139 El Camino Way, PO Box 10139, Palo Alto, CA 94303-0139, USA}
}

Diagnostics 



@book{faraway2014linear,
  title={Linear models with R},
  author={Faraway, Julian J},
  year={2014},
  publisher={CRC Press}
}

@book{kabacoff2015r,
  title={R in action: data analysis and graphics with R},
  author={Kabacoff, Robert},
  year={2015},
  publisher={Manning Publications Co.}
}

