@article{carter2012religious,
  title={Religious people discount the future less},
  author={Carter, Evan C and McCullough, Michael E and Kim-Spoon, Jungmeen and Corrales, Carolina and Blake, Adam},
  journal={Evolution and Human Behavior},
  volume={33},
  number={3},
  pages={224--231},
  year={2012},
  publisher={Elsevier}
}


@article{thornton2015divine,
  title={Divine Restraint: An Experimental Analysis of Religious Preference and Intertemporal Discounting.},
  author={Thornton, Jeremy P and Stokes, Charles E and Helms, Sara},
  journal={Available at SSRN},
  year={2015}
}

@article{benjamin2010religious,
  title={Religious identity and economic behavior},
  author={Benjamin, Daniel J and Choi, James J and Fisher, Geoffrey},
  journal={Review of Economics and Statistics},
  number={0},
  year={2010},
  publisher={MIT Press}
}

@article{henrich2010weirdest,
  title={The weirdest people in the world?},
  author={Henrich, Joseph and Heine, Steven J and Norenzayan, Ara},
  journal={Behavioral and brain sciences},
  volume={33},
  number={2-3},
  pages={61--83},
  year={2010},
  publisher={Cambridge Univ Press}
}

@article{horton2011online,
  title={The online laboratory: Conducting experiments in a real labor market},
  author={Horton, John J and Rand, David G and Zeckhauser, Richard J},
  journal={Experimental Economics},
  volume={14},
  number={3},
  pages={399--425},
  year={2011},
  publisher={Springer}
}

@article{dohmen2010risk,
  title={Are risk aversion and impatience related to cognitive ability?},
  author={Dohmen, Thomas and Falk, Armin and Huffman, David and Sunde, Uwe},
  journal={The American Economic Review},
  volume={100},
  number={3},
  pages={1238--1260},
  year={2010},
  publisher={American Economic Association}
}